<record><leader>00000cas a22000007a 4500</leader><controlfield tag="001">19952914</controlfield><controlfield tag="008">890630d190719uunyuwr ne      0    0eng d</controlfield><datafield ind1=" " ind2=" " tag="010"><subfield code="a">sn 89071313 </subfield></datafield><datafield ind1=" " ind2=" " tag="040"><subfield code="a">NYG</subfield><subfield code="b">eng</subfield><subfield code="c">NYG</subfield><subfield code="d">NYS</subfield><subfield code="d">OCLCQ</subfield></datafield><datafield ind1=" " ind2=" " tag="042"><subfield code="a">msc</subfield></datafield><datafield ind1="0" ind2="4" tag="245"><subfield code="a">The Waverly free press and Tioga County record.</subfield></datafield><datafield ind1="1" ind2="3" tag="246"><subfield code="a">Free press-record</subfield></datafield><datafield ind1=" " ind2=" " tag="260"><subfield code="a">Waverly, N.Y. :</subfield><subfield code="b">Fred B. Appleget,</subfield><subfield code="c">1907-</subfield></datafield><datafield ind1=" " ind2=" " tag="300"><subfield code="a">v. ;</subfield><subfield code="c">50 cm.</subfield></datafield><datafield ind1=" " ind2=" " tag="310"><subfield code="a">Weekly</subfield></datafield><datafield ind1="0" ind2=" " tag="362"><subfield code="a">Waverly free press vol. 40, no. 4 (Jan. 25, 1907)- = Tioga County record v. 34, no. 47- = whole no. 1992-</subfield></datafield><datafield ind1=" " ind2="4" tag="651"><subfield code="a">Waverly (N.Y.)</subfield><subfield code="v">Newspapers.</subfield></datafield><datafield ind1=" " ind2=" " tag="752"><subfield code="a">United States</subfield><subfield code="b">New York</subfield><subfield code="c">Tioga</subfield><subfield code="d">Waverly.</subfield></datafield><datafield ind1="0" ind2=" " tag="775"><subfield code="t">Owego daily record</subfield><subfield code="w">(DLC)sn 84031769</subfield></datafield><datafield ind1="0" ind2="4" tag="780"><subfield code="t">Waverly free press</subfield><subfield code="w">(DLC)sn 84035855</subfield><subfield code="w">(OCoLC)11424309</subfield></datafield><datafield ind1="0" ind2="4" tag="780"><subfield code="t">Tioga County record</subfield><subfield code="w">(DLC)sn 85026905</subfield><subfield code="w">(OCoLC)12732578</subfield></datafield><datafield ind1="1" ind2=" " tag="029"><subfield code="a">AU@</subfield><subfield code="b">000020557206</subfield></datafield></record>